@INPROCEEDINGS{Lucey2010,
    author={P. {Lucey} and J. F. {Cohn} and T. {Kanade} and J. {Saragih} and Z. {Ambadar} and I. {Matthews}},
    booktitle={2010 IEEE Computer Society Conference on Computer Vision and Pattern Recognition - Workshops},
    title={The Extended Cohn-Kanade Dataset (CK+): A complete dataset for action unit and emotion-specified expression},
    year={2010},
    volume={},
    number={},
    pages={94-101},
    keywords={emotion recognition;face recognition;image classification;support vector machines;extended Cohn-Kanade dataset;action unit;emotion-specified expression;facial expression detection;CK database;emotion detection;active appearance models;linear support vector machine;SVM classifier;leave-one-out subject cross-validation;Databases;Gold;Active appearance model;Support vector machines;Support vector machine classification;Face detection;Testing;Performance evaluation;Measurement;Code standards},
    doi={10.1109/CVPRW.2010.5543262},
    ISSN={},
    month={June},
}

@techreport{Krizhevsky2009,
    author={Krizhevsky, Alex},
    title={Learning Multiple Layers of Features from Tiny Images},
    year={2009},
    institution={}
}

@INPROCEEDINGS{LeCun1998,
    author={LeCun, Y. and Bottou, L. and Bengio, Y. and Haffner, P.},
    booktitle={Proceedings of the IEEE},
    title={Gradient-based learning applied to document recognition},
    year={1998},
    volume={86},
    number={11},
    pages={2278-2324},
}

@ARTICLE{Stallkamp2012,
    title={Man vs. computer: Benchmarking machine learning algorithms for
    traffic sign recognition},
    journal={Neural Networks},
    year={2012},
    issn={0893-6080},
    doi={10.1016/j.neunet.2012.02.016},
    author={J. Stallkamp and M. Schlipsing and J. Salmen and C. Igel},
}

@INPROCEEDINGS{Houben2013,
   author = {Sebastian Houben and Johannes Stallkamp and Jan Salmen and Marc
   Schlipsing and Christian Igel},
   booktitle = {International Joint Conference on Neural Networks},
   title = {Detection of Traffic Signs in Real-World Images: The {G}erman
   {T}raffic {S}ign {D}etection {B}enchmark},
   number = {1288},
   year = {2013},
}

@INPROCEEDINGS{FeiFei2004,
    author={Fei-Fei, L. and Fergus, R. and Perona, P.},
    booktitle={IEEE. CVPR 2004, Workshop on Generative-Model Based Vision},
    title={Learning generative visual models from few training examples: an
    incremental Bayesian approach tested on 101 object categories},
    year={2004},
}

@techreport{Griffin2007,
    author={Griffin, Gregory and Holub, Alex and Perona, Pietro},
    title={Caltech-256 Object Category Dataset},
    year={2007},
    institution={}
}

@INPROCEEDINGS{Dollar2009,
    author={P. Doll\'ar and C. Wojek and B. Schiele and  P. Perona},
    title={Pedestrian Detection: A Benchmark},
    booktitle={CVPR},
    year={2009},
}

@INPROCEEDINGS{Glorot2010,
    author={X. Glorot and Y. Bengio},
    booktitle={International conference on artificial intelligence and
    statistics},
    title={Understanding the difficulty of training deep feedforward neural
    networks},
    year={2010},
    pages={249–256},
}

@ARTICLE{Srivastava2014,
    title={Dropout: A Simple Way to Prevent Neural Networks from vOverfitting},
    journal={Journal of Machine Learning Research},
    year={2012},
    volume={15},
    pages={1929-1958},
    author={Nitish Srivastava and Geoffrey Hinton and Alex Krizhevsky and Ilya
    Sutskever and Ruslan Salakhutdinov},
}

@article{ILSVRC15,
    Author = {Olga Russakovsky and Jia Deng and Hao Su and Jonathan Krause and
    Sanjeev Satheesh and Sean Ma and Zhiheng Huang and Andrej Karpathy and
    Aditya Khosla and Michael Bernstein and Alexander C. Berg and Li Fei-Fei},
    Title = {{ImageNet Large Scale Visual Recognition Challenge}},
    Year = {2015},
    journal   = {International Journal of Computer Vision (IJCV)},
    doi = {10.1007/s11263-015-0816-y},
    volume={115},
    number={3},
    pages={211-252}
}

@techreport{Rakotomamonjy2014,
    author={A. Rakotomamonjy and G. Gasso},
    title={Histogram of gradients of Time-Frequency representations for audio
    scene detection},
    booktitle={Technical report, HAL},
    year={2014},
    institution={}
}

@techreport{Jain2010,
    author = {Vidit Jain and Erik Learned-Miller},
    title =  {{FDDB}: A Benchmark for Face Detection in Unconstrained Settings},
    institution =  {University of Massachusetts, Amherst},
    year = {2010},
    number = {UM-CS-2010-009}
}

@article{Ioffe2015,
  author    = {Sergey Ioffe and Christian Szegedy},
  title     = {Batch Normalization: Accelerating Deep Network Training by
  Reducing Internal Covariate Shift},
  journal   = {CoRR},
  volume    = {abs/1502.03167},
  year      = {2015},
}

@article{Graham2014,
  author    = {Benjamin Graham},
  title     = {Fractional Max-Pooling},
  journal   = {CoRR},
  volume    = {abs/1412.6071},
  year      = {2014},
}

@inproceedings{Cordts2016Cityscapes,
title={The Cityscapes Dataset for Semantic Urban Scene Understanding},
author={Cordts, Marius and Omran, Mohamed and Ramos, Sebastian and Rehfeld, Timo and Enzweiler, Markus and Benenson, Rodrigo and Franke, Uwe and Roth, Stefan and Schiele, Bernt},
booktitle={Proc. of the IEEE Conference on Computer Vision and Pattern Recognition (CVPR)},
year={2016}
}

@inproceedings{He2015,
 author = {He, Kaiming and Zhang, Xiangyu and Ren, Shaoqing and Sun, Jian},
 title = {Delving Deep into Rectifiers: Surpassing Human-Level Performance on ImageNet Classification},
 booktitle = {Proceedings of the 2015 IEEE International Conference on Computer Vision (ICCV)},
 series = {ICCV '15},
 year = {2015},
 pages = {1026--1034},
 numpages = {9},
 doi = {10.1109/ICCV.2015.123},
}
@ARTICLE{LSTM1997,
	author={Sepp Hochreiter and Jürgen Schmidhuber},
    title={LONG SHORT-TERM MEMORY},
    journal={Neural Computation},
    volume  = {9},
    number  = {8},
    pages   = {1735-1780},
    year={1997},
    doi={10.1162/neco.1997.9.8.1735}
}

@article{KingmaB14,
  author    = {Diederik P. Kingma and
               Jimmy Ba},
  title     = {Adam: {A} Method for Stochastic Optimization},
  journal   = {CoRR},
  volume    = {abs/1412.6980},
  year      = {2014},
  url       = {http://arxiv.org/abs/1412.6980},
  archivePrefix = {arXiv},
  eprint    = {1412.6980},
}

@article{DOTA,
  author    = {Gui{-}Song Xia and
               Xiang Bai and
               Jian Ding and
               Zhen Zhu and
               Serge J. Belongie and
               Jiebo Luo and
               Mihai Datcu and
               Marcello Pelillo and
               Liangpei Zhang},
  title     = {{DOTA:} {A} Large-scale Dataset for Object Detection in Aerial Images},
  journal   = {CoRR},
  volume    = {abs/1711.10398},
  year      = {2017},
  url       = {http://arxiv.org/abs/1711.10398},
  archivePrefix = {arXiv},
  eprint    = {1711.10398},
  timestamp = {Mon, 13 Aug 2018 16:48:53 +0200},
}

@ARTICLE{2017arXiv170508292W,
       author = {{Wilson}, Ashia C. and {Roelofs}, Rebecca and {Stern}, Mitchell and
        {Srebro}, Nathan and {Recht}, Benjamin},
        title = "{The Marginal Value of Adaptive Gradient Methods in Machine Learning}",
      journal = {arXiv e-prints},
     keywords = {Statistics - Machine Learning, Computer Science - Machine Learning},
         year = 2017,
        month = May,
          eid = {arXiv:1705.08292},
        pages = {arXiv:1705.08292},
archivePrefix = {arXiv},
       eprint = {1705.08292},
 primaryClass = {stat.ML},
}

@inproceedings{
zhang2018residual,
title={Residual Learning Without Normalization via Better Initialization},
author={Hongyi Zhang and Yann N. Dauphin and Tengyu Ma},
booktitle={International Conference on Learning Representations},
year={2019},
url={https://openreview.net/forum?id=H1gsz30cKX},
}

@article{DBLP:journals/corr/GoyalDGNWKTJH17,
  author    = {Priya Goyal and
               Piotr Doll{\'{a}}r and
               Ross B. Girshick and
               Pieter Noordhuis and
               Lukasz Wesolowski and
               Aapo Kyrola and
               Andrew Tulloch and
               Yangqing Jia and
               Kaiming He},
  title     = {Accurate, Large Minibatch {SGD:} Training ImageNet in 1 Hour},
  journal   = {CoRR},
  volume    = {abs/1706.02677},
  year      = {2017},
  url       = {http://arxiv.org/abs/1706.02677},
  archivePrefix = {arXiv},
  eprint    = {1706.02677},
  timestamp = {Mon, 13 Aug 2018 16:49:10 +0200},
  biburl    = {https://dblp.org/rec/bib/journals/corr/GoyalDGNWKTJH17},
  bibsource = {dblp computer science bibliography, https://dblp.org}
}

@inproceedings{Lockhart2011,
 author = {Lockhart, Jeffrey W. and Weiss, Gary M. and Xue, Jack C. and Gallagher, Shaun T. and Grosner, Andrew B. and Pulickal, Tony T.},
 title = {Design Considerations for the WISDM Smart Phone-based Sensor Mining Architecture},
 booktitle = {Proceedings of the Fifth International Workshop on Knowledge Discovery from Sensor Data},
 series = {SensorKDD '11},
 year = {2011},
 isbn = {978-1-4503-0832-8},
 location = {San Diego, California},
 pages = {25--33},
 numpages = {9},
 url = {http://doi.acm.org/10.1145/2003653.2003656},
 doi = {10.1145/2003653.2003656},
 acmid = {2003656},
 publisher = {ACM},
 address = {New York, NY, USA},
}

@article{speechcommandsv2,
   author = {{Warden}, P.},
    title = "{Speech Commands: A Dataset for Limited-Vocabulary Speech Recognition}",
  journal = {ArXiv e-prints},
archivePrefix = "arXiv",
   eprint = {1804.03209},
 primaryClass = "cs.CL",
 keywords = {Computer Science - Computation and Language, Computer Science - Human-Computer Interaction},
     year = 2018,
    month = apr,
    url = {https://arxiv.org/abs/1804.03209},
}

